@MISC{faenza-2008,
  author = {Yuri Faenza and Volker Kaibel},
  title = {Extended Formulations for Packing and Partitioning Orbitopes},
  url = {http://www.citebase.org/abstract?id=oai:arXiv.org:0806.0233},
  year = {2008}
}
@article{orbi,
 author = {Kaibel, Volker and Pfetsch, Marc},
 title = {Packing and partitioning orbitopes},
 journal = {Math. Program.},
 volume = {114},
 number = {1},
 year = {2008},
 issn = {0025-5610},
 pages = {1--36},
 doi = {http://dx.doi.org/10.1007/s10107-006-0081-5},
 publisher = {Springer-Verlag New York, Inc.},
 address = {Secaucus, NJ, USA},
 }


